@STRING{PD="Physica D"}
@STRING{pd="Physica D"}
@STRING{PRA="Phys. Rev. A"}
@STRING{PLA="Phys. Lett. A"}
@STRING{PRE="Phys. Rev. E"}
@STRING{PRL="Phys. Rev. Lett."}
@STRING{prl="Phys. Rev. Lett."}
@STRING{tbp="to be published"}
@STRING{ieeecasi ="IEEE Transactions on Circuits and Systems--I "}
@STRING{pa ="Physica A "}
@STRING{aa ="Astron. Astrophys."}
@STRING{apss ="Astrophys. Space Sci."}		  
@STRING{aap ="Astron. Astrophys."}
@STRING{aas ="Astron. Astrophys., Suppl."}
@STRING{ic ="Icarus"}
@STRING{pss="Planet. Space Sci."}
@STRING{pasp="Publ. of the Astro. Soc. of the Pacific"}
@STRING{aj="Astron. J."}		  
@STRING{apj="Astrophys. J."}
@STRING{apjl="Astrophys. J. Lett."}
@STRING{apjs="Astrophys. J., Supp."}
@STRING{araa="Ann. Rev. Astron. Astrophys."}
@STRING{baas="Bull. American Astron. Soc."}
@STRING{mnras="Mon. Not. R. Astron. Soc."}
@STRING{jgr="J. Geophys. Res."}
@STRING{epl="Europhys. Lett."}		  
@STRING{grl="Geophys. Res. Lett."}
@STRING{BC="Bifurcation and Chaos"}
@STRING{arma="Arch. Ration. Mech. Anal."}		   
@STRING{AO="Appl. Opt."}
@STRING{CIP="Computers in Physics"}
@STRING{CSF="Chaos, Solitons and Fractals"}
@STRING{IJBC="Int. J. Bifurcation and Chaos"}
@STRING{JASA="J. Acoust. Soc. Am."}		  
@STRING{jcp="J. Chem. Phys."}		  
@STRING{jfm="J. Fluid Mech."}
@STRING{JOSA="J. Opt. Soc. Am."}
@STRING{JPAMG="J. Phys. A: Math. Gen."}
@STRING{JSP="J. Stat. Phys."}
@STRING{JQEl="IEEE J. Quantum Electron."}
@STRING{OC="Opt. Commun."}
@STRING{PD="Physica D"}
@STRING{ppl="Phys. Plasmas"}		 
@STRING{PRES="Phys. Rev. E, Stat Phys Plasmas Fluids Relat. Interdiscip.Top."}
@STRING{SPA="Sov. Phys. Acoust."}
@STRING{ZAMM="Z. angew. Math. Mech."}
@STRING{natma="Nonlin. Anal. Theo. Meth. Appl."}
@STRING{cs ="Chaos "}
@STRING{zna="Z. Naturforsch. A"}
		  
